<record><leader>00000cas a22000007a 4500</leader><controlfield tag="001">12708643</controlfield><controlfield tag="008">851023d18601861iauwr ne      0    0ger d</controlfield><datafield ind1=" " ind2=" " tag="010"><subfield code="a">sn 85049806 </subfield></datafield><datafield ind1=" " ind2=" " tag="040"><subfield code="a">INP</subfield><subfield code="b">eng</subfield><subfield code="c">INP</subfield><subfield code="d">OCLCQ</subfield></datafield><datafield ind1=" " ind2=" " tag="042"><subfield code="a">msc</subfield></datafield><datafield ind1="0" ind2="4" tag="245"><subfield code="a">Die woechentliche Iowa Post.</subfield></datafield><datafield ind1="3" ind2="0" tag="246"><subfield code="a">Iowa Post</subfield></datafield><datafield ind1=" " ind2=" " tag="260"><subfield code="a">Des Moines, Iowa :</subfield><subfield code="b">E.J. Pleyel</subfield></datafield><datafield ind1=" " ind2=" " tag="300"><subfield code="a">v. :</subfield><subfield code="b">ill. (chiefly advertisements)</subfield></datafield><datafield ind1=" " ind2=" " tag="310"><subfield code="a">Weekly</subfield></datafield><datafield ind1="1" ind2=" " tag="362"><subfield code="a">Began in Jan. 1860? Ceased in 1861?</subfield><subfield code="z">Cf. Bibl. of Iowa newspapers.</subfield></datafield><datafield ind1=" " ind2=" " tag="500"><subfield code="a">"Eine frei demokratische Zeitung."</subfield></datafield><datafield ind1=" " ind2=" " tag="500"><subfield code="a">"Ein Organ fuer Politik, Ackerbau., Handel, Bergwesen, Kunst und Wissenschaft."</subfield></datafield><datafield ind1=" " ind2=" " tag="500"><subfield code="a">Editor: E.J. Pleyel.</subfield></datafield><datafield ind1=" " ind2=" " tag="546"><subfield code="a">In German.</subfield></datafield><datafield ind1=" " ind2=" " tag="588"><subfield code="a">Description based on: Erster Jahrg., Nr. 3 (26. Jan., 1860).</subfield></datafield><datafield ind1=" " ind2=" " tag="752"><subfield code="a">United States</subfield><subfield code="b">Iowa</subfield><subfield code="c">Polk</subfield><subfield code="d">Des Moines.</subfield></datafield><datafield ind1="0" ind2="0" tag="785"><subfield code="t">Iowa post (Des Moines, Iowa)</subfield><subfield code="w">(DLC)sn 85049807</subfield></datafield><datafield ind1="1" ind2=" " tag="029"><subfield code="a">AU@</subfield><subfield code="b">000025785189</subfield></datafield></record>